@article{Ghaderzadeh2022,
  author = {Ghaderzadeh, Aria M., Hosseini A., Asadi F., Bashash D., Abolghasemi H.},
  title = {A fast and efficient CNN model for B-ALL diagnosis and its subtypes classification using peripheral blood smear images},
  journal = {International Journal of Intelligent Systems},
  year = {2022},
  volume = {37},
  number = {8},
  pages = {5113-5133},
  doi = {10.1002/int.22753}
}

@article{Gupta2022,
  author = {Gupta R., Gehlot S., Gupta A.},
  title = {C-NMC: B-lineage acute lymphoblastic leukaemia: A blood cancer dataset},
  journal = {Medical Engineering \& Physics},
  year = {2022},
  volume = {103},
  pages = {103793-103793},
  doi = {10.1016/j.medengphy.2022.103793}
}

@article{Selvaraju2020,
  author = {Selvaraju R. R., Cogswell M., Das A., Vedantam R., Parikh D., Batra, D},
  title = {Grad-CAM: Visual Explanations from Deep Networks via Gradient-Based Localization},
  journal = {International Journal of Computer Vision},
  year = {2020},
  volume = {128},
  number = {2},
  pages = {336-359},
  doi = {10.1007/s11263-019-01228-7}
}

@article{Gupta2019,
  author = {Gupta A., Gupta R.},
  title = {ISBI 2019 C-NMC Challenge: Classification in Cancer Cell Imaging},
  publisher = {Springer Singapore},
  year = {2019},
  doi = {10.1007/978-981-15-0798-4}
}

@misc{C-NMC2019,
  author = {Mourya S., Kant S., Kumar P., Gupta A., Gupta R.},
  title = {ALL Challenge dataset of ISBI 2019 (C-NMC 2019)},
  publisher = {The Cancer Imaging Archive},
  year = {2019},
  version = {1},
  doi = {10.7937/tcia.2019.dc64i46r},
  note = {[dataset]}
}

@article{Gehlot2020,
  author = {Gehlot S., Gupta A., Gupta R.},
  title = {SDCT-AuxNet\(\theta\): DCT augmented stain deconvolutional CNN with auxiliary classifier for cancer diagnosis},
  journal = {Medical Image Analysis},
  year = {2020},
  volume = {61},
  pages = {101661},
  doi = {10.1016/j.media.2020.101661}
}

@article{Clark2013,
  author = {Clark K, Vendt B, Smith K, Freymann J, Kirby J, Koppel P, Moore S, Phillips S, Maffitt D, Pringle M, Tarbox L, Prior F},
  title = {The Cancer Imaging Archive (TCIA): Maintaining and Operating a Public Information Repository},
  journal = {Journal of Digital Imaging},
  year = {2013},
  volume = {26},
  number = {6},
  pages = {1045-1057},
  doi = {10.1007/s10278-013-9622-7}
}

@inproceedings{Labati2011,
  author={Labati, Ruggero Donida and Piuri, Vincenzo and Scotti, Fabio},
  booktitle={2011 18th IEEE International Conference on Image Processing}, 
  title={All-IDB: The acute lymphoblastic leukemia image database for image processing}, 
  year={2011},
  pages={2045-2048},
  doi={10.1109/ICIP.2011.6115881}
}

@inproceedings{Ribeiro2016,
  author = {Ribeiro, Marco Tulio and Singh, Sameer and Guestrin, Carlos},
  title = {"Why Should I Trust You?": Explaining the Predictions of Any Classifier},
  year = {2016},
  isbn = {9781450342322},
  publisher = {Association for Computing Machinery},
  doi = {10.1145/2939672.2939778},
  booktitle = {Proceedings of the 22nd ACM SIGKDD International Conference on Knowledge Discovery and Data Mining},
  pages = {1135-1144},
}

@article{rozemberczki2022,
      author = {Benedek Rozemberczki, Lauren Watson, Péter Bayer, Hao-Tsung Yang, Olivér Kiss, Sebastian Nilsson, Rik Sarkar},
      title = {The Shapley Value in Machine Learning},
      journal = {ArXiv (Cornell University)},
      year = {2022},
      doi = {10.48550/arxiv.2202.05594}
}

@article{Imane2022,
  author = {Kadi Imane, Messaoud Abbas, Amara Miloudi, Mohammed Charaf Eddine Meftah},
  title = {A CNN Model for Early Leukemia Diagnosis},
  journal = {International Journal of Organizational and Collective Intelligence},
  year = {2022},
  volume = {12},
  number = {1},
  pages = {1--20},
  doi = {10.4018/IJOCI.304889}
}

@article{Atteia2022,
  author = {Atteia, Ghada and Alhussan, Amel A. and Samee, Nagwan Abdel},
  title = {BO-ALLCNN: Bayesian-Based Optimized CNN for Acute Lymphoblastic Leukemia Detection in Microscopic Blood Smear Images},
  journal = {Sensors},
  year = {2022},
  volume = {22},
  number = {15},
  doi = {10.3390/s22155520}
}

@misc{Abignano2023,
  author = {Aiden Abignano},
  title = {ml\_leukaemia\_classification},
  year = {2023},
  howpublished = {\url{https://github.com/AAbignano/ml\_leukaemia\_classification}},
  note = {Source Code (GPLv3)}
}
